@techreport{aiga-hydrogen-supply:2024,
  author      = {{Asia Industrial Gases Association}},
  title       = {Standard Procedures for Hydrogen Supply Systems},
  institution = {AIGA},
  number      = {126/24},
  year        = {2024}
}

@techreport{aiga-oxygen-cleaning:2019,
  author      = {{Asia Industrial Gases Association}},
  title       = {Cleaning of Equipment for Oxygen Service},
  institution = {AIGA},
  number      = {012/19},
  year        = {2019}
}

@techreport{asme-fluid-flow:2004,
  author      = {{The American Society of Mechanical Engineers}},
  title       = {Measurement of Fluid Flow in Pipes Using Orifice Nozzle, and Venturi},
  institution = {ASME},
  number      = {MFC-3M},
  year        = {2004}
}

@inproceedings{bigler:2019,
  author    = {Blaine Bigler and John W. Bennewitz and Stephen A. Danczyk and William A. Hargus},
  title     = {Injector Mixing Effects in Rotating Detonation Rocket Engines},
  booktitle = {AIAA Propulsion and Energy 2019 Forum},
  number    = {AIAA 2019-3869},
  year      = {2019},
  month     = {August},
  address   = {Indianapolis, USA},
  doi       = {10.2514/6.2019-3869}
}

@techreport{breitung:2000,
  author      = {W. Breitung and C. Chan and S. Dorofeev and A. Eder and B. Gelfand and M. Heitsch and R. Klein and A. Malliakos and E. Shepherd and E. Studer and P. Thibault},
  title       = {Flame Acceleration and Deflagration-to-Detonation Transition in Nuclear Safety},
  institution = {Nuclear Energy Agency},
  publisher   = {OECD Publishing},
  address     = {Paris},
  year        = {2000}
}

@article{bykovskii:2012,
  author  = {Fedor A. Bykovskii and Sergey A. Zhdan and Evgenii F. Vedernikov},
  title   = {Continuous Spin Detonations},
  journal = {Journal of Propulsion and Power},
  volume  = {22},
  number  = {6},
  pages   = {1204-1216},
  year    = {2012},
  doi     = {10.2514/1.17656}
}

@article{connolly-boutin:2021,
  author  = {S. Connolly-Boutin and V. Joseph and H. D. Ng and C. B. Kiyanda},
  title   = {Small-size rotating detonation engine: scaling and minimum mass flow rate},
  journal = {Shock Waves},
  volume  = {31},
  pages   = {665-674},
  year    = {2021},
  doi     = {10.1007/s00193-021-00991-2}
}

@techreport{crane-co:1982,
  author      = {{Crane Co., NY}},
  title       = {Flow of Fluids through Valves, Fittings and Pipes. Metric Edition-SI Units, Technical Paper No. 410M},
  institution = {Crane Co.},
  year        = {1982},
  address     = {New York}
}

@mastersthesis{dechert:2020,
  author = {Joseph R. Dechert},
  title  = {Development of a Small-Scale Rotating Detonation Engine},
  school = {Air Force Institute of Technology},
  year   = {2020},
  note   = {3212}
}

@mastersthesis{fiorino:2021,
  author = {Nathan T. Fiorino},
  title  = {Improving the Stability and Operability of a Small-Scale Rotating Detonation Engine},
  school = {Air Force Institute of Technology},
  year   = {2021},
  note   = {5067}
}

@article{fiorino:2022,
  author  = {Nathan T. Fiorino and Nathan J. Snow and Frederick R. Schauer and Marc D. Polanka and S. Alexander Schumaker and Brian C. Sell},
  title   = {Improving Detonability in a Small-Scale Rotating Detonation Engine Using Partial Premixing},
  journal = {Journal of Propulsion and Power},
  volume  = {39},
  number  = {2},
  pages   = {232-241},
  year    = {2022},
  doi     = {10.2514/1.B38668}
}

@article{heister:2022,
  author  = {Stephen D. Heister and John Smallwood and Alexis Harroun and Kevin Dille and Ariana Martinez and Nathan Ballintyn},
  title   = {Rotating Detonation Combustion for Advanced Liquid Propellant Space Engines},
  journal = {Aerospace},
  volume  = {9},
  number  = {10},
  pages   = {581},
  year    = {2022},
  doi     = {10.3390/aerospace9100581}
}

@inproceedings{law:2021,
  author    = {Hamilton Law and Tom Baxter and Charlie N. Ryan and Ralf Deiterding},
  title     = {Design and testing of a small-scale laboratory rotating detonation engine running on ethylene-oxygen},
  booktitle = {AIAA Propulsion and Energy 2021 Forum},
  number    = {AIAA 2021-3658},
  year      = {2021},
  month     = {August},
  doi       = {10.2514/6.2021-3658}
}

@electronic{nasa-mass-flow-choking:2021,
  author = {NASA},
  title  = {Mass Flow Choking},
  year   = {2021},
  url    = {https://www.grc.nasa.gov/www/k-12/airplane/mflchk.html}
}

@electronic{nasa-mass-flow-equations:2021,
  author = {NASA},
  title  = {Mass Flow Rate Equations},
  year   = {2021},
  url    = {https://www.grc.nasa.gov/www/k-12/VirtualAero/BottleRocket/airplane/mchkdrv.html}
}

@techreport{nasa-oxygen-systems:1996,
  author      = {NASA},
  title       = {Safety Standard for Oxygen and Oxygen Systems: Guidelines for Oxygen System Design, Materials Selection, Operations, Storage, and Transportation},
  institution = {NASA Technical Reports Server},
  number      = {19960021046},
  year        = {1996}
}

@techreport{nasa-tubing:2019,
  author      = {NASA},
  title       = {Tubing Systems for Facility Systems, Special Test Equipment and Aerospace Hardware},
  institution = {NASA},
  number      = {SSTD-8070-0126-PIPE},
  year        = {2019}
}

@electronic{ni-fundamentals:2023,
  author = {{National Instruments}},
  title  = {Fundamentals},
  year   = {2023},
  url    = {https://www.ni.com/docs/en-US/bundle/ni-scope/page/fundamentals.htm}
}

@mastersthesis{russo:2011,
  author = {Rachel M. Russo},
  title  = {Operational Characteristics of a Rotating Detonation Engine Using Hydrogen and Air},
  school = {Air Force Institute of Technology},
  year   = {2011},
  note   = {1352}
}

@inbook{shaw:2019,
  author    = {Ian J. Shaw and Jordan A.C. Kildare and Michael J. Evans and ALfonso Chinnici and Ciaran A.M. Sparks and Shekh N.H. Rubaiyat and Rey C. Chin and Paul R. Medwell},
  title     = {A Theoretical Review of Rotating Detonation Engines},
  booktitle = {Direct Numerical Solutions},
  publisher = {IntechOpen},
  address   = {Rijeka},
  year      = {2019},
  editor    = {Srinivasa Rao},
  chapter   = {7},
  doi       = {10.5772/intechopen.90470}
}

@article{yokoo:2019,
  author  = {Ryuya Yokoo and Keisuke Goto and Juhoe Kim and Akira Kawasaki and Ken Matsuoka and Jiro Kasahara and Akiko Matsuo and Ikkoh Funaki},
  title   = {Propulsion Performance of Cylindrical Rotating Detonation Engine},
  journal = {AIAA Journal},
  volume  = {58},
  number  = {12},
  pages   = {5107-5116},
  year    = {2019},
  doi     = {10.2514/1.J058322}
}